%%%%%%%%%%%%%%%%%%%%%%%%%%%%%%%%%%%%%%%%%%%%%%%%%%%%%%%%%%%%%%%%%%%%%%%%%
%%
%W  rcwa.bib                RCWA documentation                Stefan Kohl
%%
%%%%%%%%%%%%%%%%%%%%%%%%%%%%%%%%%%%%%%%%%%%%%%%%%%%%%%%%%%%%%%%%%%%%%%%%%

@Misc{Kohl01,
      Author     = {Stefan Kohl},
      Title      = {Residue Class-Wise Affine Representations of Groups},
      Year       = 2001,
      Note       = {Draft}}

@Article{LaeuchliNeumann88,
         Author    = {Hans L{\accent127a}uchli and Peter M. Neumann},
         Title     = {On Linearly Ordered Sets and Permutation groups of
                      Countable Degree},
         Journal   = {Arch. Math. Logic},
         Year      = 1988,
         Volume    = 27,
         Pages     = {189-192}}

@Misc{Lagarias98,
      Author    = {Jeffrey C. Lagarias},
      Title     = {3x+1 Problem Annotated Bibliography},
      Year      = 1998,    
      Key       = {http://www.research.att.com/~jcl/doc/3x+1bib.ps}}

%%%%%%%%%%%%%%%%%%%%%%%%%%%%%%%%%%%%%%%%%%%%%%%%%%%%%%%%%%%%%%%%%%%%%%%%%
%%
%E  rcwa.bib . . . . . . . . . . . . . . . . . . . . . . . . .  ends here
